<?xml version="1.0" encoding="UTF-8"?><collection xmlns="http://www.loc.gov/MARC21/slim"><record><leader>00575nam--2200157-i-4500</leader><controlfield tag="001">000008974</controlfield><controlfield tag="002">20161230</controlfield><controlfield tag="005">20170208145455</controlfield><controlfield tag="008">060222s1000------------r-----000-0-eng-d</controlfield><datafield ind1=" " ind2=" " tag="100"><subfield code="a">Cristea, H</subfield></datafield><datafield ind1=" " ind2=" " tag="245"><subfield code="a">Posibilitati de construire si utilizare in tara a consolelor de vizualizare pentru retele electrice</subfield></datafield><datafield ind1=" " ind2=" " tag="260"><subfield code="a">Bucuresti</subfield><subfield code="b">Consiliul National Al Inginerilor Si Tehnicienilor</subfield><subfield code="c">1969</subfield></datafield><datafield ind1=" " ind2=" " tag="300"><subfield code="a">8 p</subfield></datafield><datafield ind1=" " ind2=" " tag="490"><subfield code="a">A Doua Conferinta A Electricienilor. Iii. Sectia Sisteme, Centrale Si Utilizarea Energiei Electric</subfield></datafield><datafield ind1=" " ind2=" " tag="852"><subfield code="a">621.311.2</subfield></datafield><datafield ind1=" " ind2=" " tag="CAT"><subfield code="a">SYS</subfield><subfield code="c">20170208</subfield><subfield code="h">145455</subfield></datafield></record></collection>